@inproceedings{guo:kop:24,
  author    = {Guo, L. and Kop, C.},
  title     = {Higher-Order {LCTRSs} and Their Termination},
  editor    = {Weirich, S.},
  booktitle = {Proc.\ ESOP},
  pages     = {331--357},
  year      = {2024},
  doi       = {10.1007/978-3-031-57267-8_13},
}

